@Misc{opencores,
 title = {aemb FPGA Processor Logic Core},
 url = {http://www.opencores.org/?do=project&who=aemb},
}

@MastersThesis{OpenVGA,
  author = {Suggate, P.},
  title = {{OpenVGA: An Open-Source PCI Graphics Adapter}},
  school = {University of Otago},
  year = {2009}
}


%----------------------------------------------------------------------------
% VGA Citations:
%
@book{SVGA_Book,
  title={{Advanced Programmer's Guide to SuperVGAs}},
  edition={2nd},
  author={Sutty, G. and Blair, S.},
  year={1994},
  publisher={Addison Wesley}
}

@book{VGA_Programmers,
  title={{Programmer's Guide to the EGA, VGA, and Super VGA Cards}},
  edition={3rd},
  author={Richard F. Ferraro},
  year={1994},
  publisher={Addison Wesley}
}

@article{wheeler1977mtt,
  title={{Transmission-line properties of a strip on a dielectric sheet on a plane}},
  author={H. A. Wheeler},
  journal={Microwave Theory and Techniques, IEEE Transactions on},
  volume={25},
  number={8},
  pages={631--647},
  year={1977}
}

@MastersThesis{knutsson:fbg,
author = {Knutsson, N.},
title = {{An FPGA-based 3D Graphics System}},
school = {Linkoping Institute of Technology},
year = {2005}
}

@Manual{VESA_DVI,
	title={{Digital Visual Interface, DVI}},
	author={Digital Display Working Group},
	organization={VESA Inc.},
	year={1999}
}

@TechReport{AMD_4890,
author = {Advanced Micro Devices},
title = {ATI Radeon\texttrademark HD 4890 -- Overview},
institution = {Advanced Micro Devices},
year = {2009},
OPTurl = {http://ati.amd.com/products/radeonhd4800/overview-4890.html}
}

@Misc{OpenGraphics,
key = {OpenGraphics},
author = {Timothy Miller},
title = {The Open Graphics Project},
year = {2009},
url = {http://wiki.opengraphics.org/}
}


%----------------------------------------------------------------------------
% TTA Citations:
%
@conference{hoogerbrugge1995ast,
  title={{Automatic synthesis of transport triggered processors}},
  author={Hoogerbrugge, J. and Corporaal, H.},
  booktitle={Proc. First Ann. Conf. Advanced School for Computing and Imaging, Heijen, The Netherlands},
  year={1995}
}

@article{corporaal1993maa,
  title={{MOVE32INT Architecture and Programmer's Reference Manual}},
  author={Corporaal, H.},
  journal={Delft University of Technology, EE Faculty, the Netherlands},
  year={1993}
}

@article{corporaal1999tmi,
  title={{TTAs: Missing the ILP complexity wall}},
  author={Corporaal, H.},
  journal={Journal of Systems Architecture},
  volume={45},
  number={12/13},
  pages={949--973},
  year={1999},
  publisher={Elsevier Science}
}

@conference{arnold1997dtr,
  title={{Data Transport Reduction in Move Processors}},
  author={Arnold, M. and Corporaal, H.},
  booktitle={Proceedings of the third annual conference of the Avanced School for Computing and Imaging},
  pages={68--75},
  year={1997}
}

@conference{corporaal:tta,
  title={{Transport triggered architectures examined for general purpose applications}},
  author={Corporaal, H.},
  booktitle={Sixth Workshop on Computer Systems},
  year={1994},
  pages={55--71}
}

@conference{hoogerbrugge1994rfp,
  title={{Register file port requirements of transport triggered architectures}},
  author={Hoogerbrugge, J. and Corporaal, H.},
  booktitle={Proceedings of the 27th annual international symposium on Microarchitecture},
  pages={191--195},
  year={1994},
  organization={ACM New York, NY, USA}
}

@Misc{TTA_Ray_Trace,
  title={{Massively Parallel MIMD Processing in Hardware}},
  author={Suggate, P., Ward R., and Molteno, T.},
  year={2007},
  organization={University of Otago}
}

@conference{jaaskelainen2007cta,
  title={{Codesign toolset for application-specific instruction-set processors}},
  author={Jaaskelainen, P. and Guzma, V. and Cilio, A. and Takala, J.},
  booktitle={Proc. SPIE-Multimedia on Mobile Devices},
  year={2007}
}


%----------------------------------------------------------------------------
% Non-TTA Processor Citations:
%
@book{parhami2005cam,
  title={{Computer Architecture: From Microprocessors to Supercomputers (Oxford Series in Electrical and Computer Engineering)}},
  author={Parhami, B.},
  year={2005},
  publisher={Oxford University Press, Inc. New York, NY, USA}
}

@book{ARM_Book,
  title={{ARM Architecture Reference Manual}},
  edition={2nd},
  author={David Seal},
  year={2001},
  publisher={Addison-Wesley}
}

@book{Comp_Arch,
  title={{PCI Hardware \& Software: Architecture \& Design}},
  author={Hennessy, J.L. and Patterson, D.A.},
  year={2003},
  publisher={RTC Books}
}

@book{Comp_Arch2,
  title={{Computer Architecture and Implementation}},
  author={Harvey G. Cragon},
  year={2000},
  publisher={Cambridge University Press}
}

@book{ARM_Cortex_M3,
  title={{Computer Architecture and Implementation}},
  author={Joseph Yiu},
  year={2007},
  publisher={Newnes}
}

@book{SuperH,
  title={{32-Bit SuperH Microcomputers}},
  author={Yukiho Fujisawa},
  year={2005},
  publisher={IOS Press}
}

@book{SPARC_Arch,
	title={{SPARC Architecture, Assembly Language Programming, and C}},
	author={Richard P. Paul},
	edition={2nd},
	year={2000},
	publisher={Prentice Hall}
}

@article{FPGACPU,
  title={{Designing a simple fpga-optimized risc cpu and system-on-a-chip}},
  author={Gray, J.},
  journal={DesignCon`2001},
  volume={1},
  year={2001},
  pages={128}
}

@book{mcfarland2003md,
  title={{Microprocessor design}},
  author={McFarland, G.},
  year={2003},
  publisher={McGraw-Hill}
}

@article{smith1994paa,
  title={{PowerPC 601 and Alpha 21064: A tale of two RISCs}},
  author={Smith, JE and Weiss, S. and Inc, C.R. and Falls, C.},
  journal={Computer},
  volume={27},
  number={6},
  pages={46--58},
  year={1994}
}

@book{britton2004mal,
  title={{MIPS assembly language programming}},
  author={Britton, R.L.},
  year={2004},
  publisher={Prentice Hall}
}

@Manual{ZPU,
	title={{ZPU - the worlds smallest 32 bit CPU with GCC toolchain: Overview}},
	organization={Zylin AS},
	author={Harboe, O.},
	url={{http://opencores.org/?do=project&who=zpu}},
	year={2009}
}

@Manual{OpenRISC,
	title={{OpenRISC 1000: Overview}},
	organization={OpenCores},
	author={Erlandsson, M., Unneback, M., and D'Addio, R.},
	url={{http://opencores.org/?do=project&who=or1k}},
	year={2009}
}

@Manual{xilinx2008mpr,
	title={{Microblaze processor reference guide}},
	organization={Xilinx Inc.},
	journal={Reference Guide v9. 0 edition},
	year={2008}
}

@Manual{xilinx2008ppr,
    title={{PicoBlaze 8-Bit Embedded Microcontroller for Spartan-3 Generation, Virtex-II, \& Virtex-II Pro FPGAs}},
	organization={Xilinx Inc.},
    journal={Reference Guide v1. 1. 2 edition},
    year={2008}
}



%----------------------------------------------------------------------------
% EDA Citations:
%
@article{Async_FIFO2,
  title={{Simulation and Synthesis Techniques for Asynchronous FIFO Design with Asynchronous. Pointer Comparisons}},
  author={Clifford, E. and Alfke, C.P.},
	organisation={SNUG: Synopsis Users Group, San Jose},
	publisher={SNUG},
  journal={Inc, www. sunburst-design. com/papers},
	year={2002}
}


@article{Async_FIFO,
  title={{Simulation and synthesis techniques for asynchronous FIFO design}},
  author={Cummings, C.E.},
  publisher={SNUG},
  journal={Synopsys Users Group, San Jose, CA},
  year={2002}
}


@conference{MFSR_List,
	title={{Counter Representations in Microprocessors}},
	author={Roy W. Ward and T.C.A. Molteno},
	organisation={ENZCon},
	booktitle={ENZCon06 Conference Precedings},
	publisher={ENZCon},
	year={2006}
}

@article{dufaza1991lbd,
  title={{LFSR based deterministic and pseudo-random test pattern generator structures}},
  author={Dufaza, C. and Cambon, G.},
  journal={2nd ETC, Munich},
  pages={27--34},
  year={1991}
}

@Manual{WB3_Spec,
	title={{WISHBONE System-on-Chip (SoC) Interconnection Architecture for Portable IP Cores}},
	author={Herveille, R.},
	organisation={OpenCores},
	publisher={OpenCores},
	year={2002}
}

@book{HighSpeedDigitalDesign,
  title={{High-Speed Digital Design}},
  author={Johnson, H. and Graham, M.},
  year={1993},
  publisher={Prentice Hall PTR}
}

@Manual{XML_Assembler,
	title = {{Assembly Code Generation from XML Processor Descriptions}},
	author = {Roy Ward},
	year = {2007}
}



%----------------------------------------------------------------------------
% FPGA Citations:
%
@Manual{Xilinx_SP3A_DS,
	title={{Spartan-3A FPGA Family: Complete Datasheet}},
	organization={Xilinx, Inc.},
	url={{http://www.xilinx.com/support/documentation/data{\textunderscore}sheets/ds529.pdf}},
	year={2008}
}

@Manual{Xilinx_SP3_DS,
	title = {{Spartan-3 FPGA Family: Complete Datasheet}},
	organization={Xilinx, Inc.},
	year = {2008},
	url = {http://www.xilinx.com/support/documentation/data{\textunderscore}sheets/ds099.pdf}
}

@Manual{Xilinx_Decoupling,
	title = {{Power Distribution System (PDS) Design: Using Bypass/Decoupling Capacitors}},
	organization={Xilinx, Inc.},
	year = {2005},
	url = {http://www.xilinx.com/support/documentation/data{\textunderscore}sheets/xapp623.pdf}
}

@Manual{XS3_Dev_Kit_Manual,
	title = {{Spartan-3 Starter Kit Board User Guide}},
	organisation = {Xilinx Inc.},
	publisher = {Xilinx Inc.},
	year = {2004}
}

@Manual{SP3_DCM,
	title = {{Using Digital Clock Managers (DCMs) in Spartan-3 FPGAs}},
	organisation = {Xilinx Inc.},
	publisher = {Xilinx Inc.},
	year = {2003}
}



%----------------------------------------------------------------------------
% Standardised Hardware and Bus Citations:
%
@Manual{PCI_Spec,
	title={{PCI Local Bus Specification Revision 2.2}},
	organization={PCI SIG},
	url={http://www.pcisig.com/specifications/conventional/},
	year={1998}
}

@book{PCI_Book,
  title={{PCI System Architecture}},
  edition={4th},
  author={Tom Shanley and Don Anderson},
  year={1999},
  publisher={Mindshare, Inc.}
}

@book{solari1995phs,
  title={{PCI Hardware \& Software: Architecture \& Design}},
  author={Solari, E. and Willse, G.},
  year={1995},
  publisher={RTC Books}
}

@Manual{Micron_SDRAM_DS,
	title = {{Synchronous DRAM}},
	organization={Micron},
	edition={64Mb: x4, x8, x16 SDRAM Features},
	year = {2008},
	url = {http://www.xilinx.com/support/documentation/data{\textunderscore}sheets/ds099.pdf}
}

@misc{inc:mxx,
  title={{Micron 256Mb: x4, x8, x16 DDR2 SDRAM data sheet MT47H16M16BG-37E}},
  author={Inc, M.},
  organization={Micron},
  year={2004}
}

@Manual{Bus_Switch_DS,
  title={{NXP CBT16211 Datasheet}},
  author={Inc, NXP},
  organization={NXP Inc.},
  year={2001}
}

@book{budruk2003pes,
  title={{PCI express system architecture}},
  author={Budruk, R.},
  year={2003},
  publisher={Addison-Wesley Professional}
}

%----------------------------------------------------------------------------
% Counters:
%

@book{menezes1997ac,
  title={{Handbook of Applied Cryptography}},
  author={Menezes, A. and van Oorschot, P. and Vanstone, S.},
  publisher={CRC Press},
  address={Boca Raton},
  year={1997}
}

@book{daemen2002dra,
  title={{The Design of Rijndael: AES--the Advanced Encryption Standard}},
  author={Daemen, J. and Rijmen, V.},
  year={2002},
  publisher={Springer}
}

@article{stan1998laf,
  title={{Long and Fast Up/Down Counters}},
  author={Stan, M.R. and Tenca, A.F. and Ercegovac, M.D.},
  journal={IEEE Transactions on Computers},
  volume={47},
  number={7},
  pages={722--735},
  year={1998},
  publisher={IEEE Computer Society Washington, DC, USA}
}

@article{robshaw1995sc,
  title={{Stream Ciphers}},
  author={Robshaw, M.J.B.},
  journal={RSA Labratories},
  volume={25},
  year={1995}
}

@article{pickholtz1982tss,
  title={{Theory of Spread-Spectrum Communications--A Tutorial}},
  author={Pickholtz, R. and Schilling, D. and Milstein, L.},
  journal={Communications, IEEE Transactions on [legacy, pre-1988]},
  volume={30},
  number={5  Part 2},
  pages={855--884},
  year={1982}
}

@article{agrawal1993tbs,
  title={{A Tutorial on Built-in Self-Test. I. Principles}},
  author={Agrawal, V.D. and Kime, C.R. and Saluja, K.K.},
  journal={IEEE Design \& Test},
  volume={10},
  number={1},
  pages={73--82},
  year={1993},
  publisher={IEEE Computer Society Press Los Alamitos, CA, USA}
}

@article{high_performance_ring_generators,
  title={{High Performance Dense Ring Generators}},
  author={Mrugalski, G. and Mukherjee, N. and Rajski, J. and Tyszer, J.},
  journal={IEEE Transactions on Computers},
  pages={83--87},
  year={2006},
  publisher={IEEE Computer Society}
}

@article{cellular_automata,
  title={{Maximum length cellular automaton sequences and its application}},
  author={Chang, T. and Song, I. and Bae, J. and Kim, K.S.},
  journal={Signal Processing},
  volume={56},
  number={2},
  pages={199--203},
  year={1997},
  publisher={Elsevier}
}

@book{golomb1981srs,
  title={{Shift Register Sequences}},
  author={Golomb, S.W},
  year={1981},
  publisher={Aegean Park Press},
  address={Laguna Hills, CA, USA}
}

@conference{parhami-systolic,
  title={{Systolic up/down counters with zero and sign detection}},
  author={Parhami, B.},
  booktitle={Proc. Symp. Comput. Arithmetic},
  year={1987},
  pages={174--178}
}

@article{phatak1994hybrid,
  title={{Hybrid signed-digit number systems: a unified framework forredundant number representations with bounded carry propagation chains}},
  author={Phatak, DS and Koren, I.},
  journal={IEEE Transactions on computers},
  volume={43},
  number={8},
  pages={880--891},
  year={1994}
}


@book{parhami2000computer,
  title={{Computer arithmetic}},
  author={Parhami, B.},
  year={2000},
  publisher={Oxford University Press}
}

@article{wang1988hdg,
  title={{Hybrid designs generating maximum-length sequences}},
  author={Wang, L.T. and McCluskey, E.J.},
  journal={Computer-Aided Design of Integrated Circuits and Systems, IEEE Transactions on},
  volume={7},
  number={1},
  pages={91--99},
  year={1988}
}

@TechReport{ward_mfsr_table09,
   author = {R. W. Ward and T.C.A. Molteno},
   title = {Table of Multiple Feedback Shift Registers},
   institution = {University of Otago},
   year = {2009},
   number = {2009-1},
   issn = {1172-496X}
 }

@TechReport{xilinx052,
author = {Peter Alfke},
title = {{Application Note: Efficient Shift Registers, LFSR Counters, and Long Pseudo- Random Sequence Generators}},
institution = {Xilinx Inc.},
year = {1996},
address = {San Jose, CA},
note = {App. note XApp052}
}

@conference{zilic1995designing,
  title={{Designing for High Speed-Performance in cplds and fpgas}},
  author={Zilic, Z. and Lemieux, G. and Loveless, K. and Brown, S. and Vranesic, Z.},
  booktitle={The 3rd Canadian Workshop on Field-Programmable Devices (FPD’95)},
  pages={108--113},
  year={1995}
}

@conference{vuillemin1991constant,
  title={{Constant time arbitrary length synchronous binary counters}},
  author={Vuillemin, JE},
  booktitle={10th IEEE Symposium on Computer Arithmetic, 1991. Proceedings.},
  pages={180--183},
  year={1991}
}

@conference{tenca1997synchronous,
  title={{Synchronous up/down binary counter for LUT FPGAs with counting frequency independent of counter size}},
  author={Tenca, A.F. and Ercegovac, M.D.},
  booktitle={Proceedings of the 1997 ACM fifth international symposium on Field-programmable gate arrays},
  pages={159--165},
  year={1997},
  organization={ACM New York, NY, USA}
}

@article{vuillemin1994circuits,
  title={{On circuits and numbers}},
  author={Vuillemin, JE},
  journal={IEEE Transactions on Computers},
  volume={43},
  number={8},
  pages={868--879},
  year={1994}
}

@book{peano,
  title={{Set theory and Logic}},
  author={Stoll, R.R.},
  year={1963},
  publisher={W H Freeman}
}

%----------------------------------------------------------------------------
% Miscellaneous Citations:
%
@Manual{OpenGL,
	title={{OpenGL Overview}},
	organization={Khronos Group, Inc.},
	url={{http://www.khronos.org/opengl/}},
	year={2009}
}

@article{salzman:lkm,
  title={{The Linux Kernel Module Programming Guide}},
  author={Salzman, P.J. and Pomerantz, O.},
  year={2001},
  journal={Url: http://jamesthornton. com/linux/lkmpg}
}

@misc{xtremedata:xds,
  title={{XD1000 Development System}},
  author={XtremeData, I.}
}

@article{lerner2002sse,
  title={{Some simple economics of open source}},
  author={Lerner, J. and Tirole, J.},
  journal={Journal of Industrial Economics},
  pages={197--234},
  year={2002},
  publisher={Blackwell Publishers}
}

@phdthesis{wald2004rrt,
	title={{Realtime ray tracing and interactive global illumination}},
	author={Wald, I.},
	year={2004},
	school={Universit{\"a}tsbibliothek}
}


